<?xml version="1.0" encoding="UTF-8"?><record xmlns="http://www.loc.gov/MARC21/slim" xmlns:cinclude="http://apache.org/cocoon/include/1.0" xmlns:zs="http://www.loc.gov/zing/srw/">
  <leader>00640nz  a2200181n  4500</leader>
  <controlfield tag="001">no2007027513</controlfield>
  <controlfield tag="003">DLC</controlfield>
  <controlfield tag="005">20070315075133.0</controlfield>
  <controlfield tag="008">070313n| acannaabn          |a aaa      </controlfield>
  <datafield tag="010" ind1=" " ind2=" ">
    <subfield code="a">no2007027513</subfield>
  </datafield>
  <datafield tag="035" ind1=" " ind2=" ">
    <subfield code="a">(OCoLC)oca07352129</subfield>
  </datafield>
  <datafield tag="040" ind1=" " ind2=" ">
    <subfield code="a">SaPrNL</subfield>
    <subfield code="b">eng</subfield>
    <subfield code="c">SaPrNL</subfield>
  </datafield>
  <datafield tag="042" ind1=" " ind2=" ">
    <subfield code="a">sanb</subfield>
  </datafield>
  <datafield tag="100" ind1="1" ind2=" ">
    <subfield code="a">Leue, J. A. E.</subfield>
    <subfield code="q">(Johannes Albert Ernst),</subfield>
    <subfield code="d">1913-</subfield>
  </datafield>
  <datafield tag="400" ind1="1" ind2=" ">
    <subfield code="a">Leue, Johannes Albert Ernst,</subfield>
    <subfield code="d">1913-</subfield>
  </datafield>
  <datafield tag="670" ind1=" " ind2=" ">
    <subfield code="a">SchulwoĚrterbuch, 1961:</subfield>
    <subfield code="b">t.p. (J.A.E. Leue)</subfield>
  </datafield>
  <datafield tag="670" ind1=" " ind2=" ">
    <subfield code="a">SANB correspondence with author, July 28, 1980</subfield>
    <subfield code="b">(full name: Leue, Johannes Albert Ernst; b. Nov. 19, 1913)</subfield>
  </datafield>
  <datafield tag="700" ind1="1" ind2="7">
    <subfield code="a">Leue, J. A. E.</subfield>
    <subfield code="q">(Johannes Albert Ernst),</subfield>
    <subfield code="d">1913-</subfield>
    <subfield code="2">sanb</subfield>
  </datafield>
</record>